@inproceedings{lincroft2024,
  author       = {Gwenyth Lincroft and
                  \myname and
                  Katherine Hough and
                  Mahsa Bazzaz and
                  Jonathan Bell},
  title        = {Thirty-Three Years of Mathematicians and Software Engineers: {A} Case
                  Study of Domain Expertise and Participation in Proof Assistant Ecosystems},
  booktitle    = {21st {IEEE/ACM} International Conference on Mining Software Repositories,
                  {MSR} 2024},
  pages        = {1--13},
  publisher    = {{ACM}},
  year         = {2024},
  doi          = {10.1145/3643991.3644908},
}

@article{cho2025,
  author       = {\myname and
                  John Gouwar and
                  Steven Holtzen},
  title        = {Scaling Optimization over Uncertainty via Compilation},
  journal      = {Proc. {ACM} Program. Lang.},
  volume       = {9},
  number       = {{OOPSLA1}},
  year         = {2025},
  doi          = {10.1145/3720500},
}

@article{cho2021krein,
  title={The Krein-von Neumann extension of a regular even order quasi-differential operator},
  author={\myname and Seth Hoisington and Roger Nichols and Brian Udall},
  journal={Opuscula Mathematica},
  volume={41},
  number={6},
  pages={805--841},
  year={2021},
  publisher={AGH University Press},
  doi={10.7494/OpMath.2021.41.6.805},
}
